<?xml version="1.0" encoding="UTF-8"?><collection xmlns="http://www.loc.gov/MARC21/slim"><record><leader>00591nam--2200193-i-4500</leader><controlfield tag="001">000002663</controlfield><controlfield tag="002">20161230</controlfield><controlfield tag="005">20170104004755</controlfield><controlfield tag="008">060222s1000------------r-----000-0-FRE-d</controlfield><datafield ind1=" " ind2=" " tag="040"><subfield code="a">IFIN-HH</subfield></datafield><datafield ind1=" " ind2=" " tag="041"><subfield code="a">FRE</subfield></datafield><datafield ind1=" " ind2=" " tag="080"><subfield code="a">519.2:537</subfield></datafield><datafield ind1="1" ind2=" " tag="100"><subfield code="a">Blanc-Lapierre, Andre</subfield></datafield><datafield ind1="1" ind2="0" tag="245"><subfield code="a">Sur certaines fonctions aleatoires stationnaires</subfield><subfield code="b">Application a l'etude des flucuations dues a la structure electronique de l'electricite</subfield><subfield code="c">Andre Blanc- Lapierre</subfield></datafield><datafield ind1=" " ind2=" " tag="260"><subfield code="a">Paris</subfield><subfield code="b">Masson C-ie</subfield><subfield code="c">1945</subfield></datafield><datafield ind1=" " ind2=" " tag="300"><subfield code="a">80 P</subfield></datafield><datafield ind1=" " ind2=" " tag="650"><subfield code="a">Electricity</subfield></datafield><datafield ind1=" " ind2=" " tag="852"><subfield code="a">10229</subfield><subfield code="c">519.2</subfield></datafield><datafield ind1=" " ind2=" " tag="CAT"><subfield code="a">SYS</subfield><subfield code="c">20170104</subfield><subfield code="h">004755</subfield></datafield></record></collection>